<?xml version="1.0" encoding="UTF-8"?><collection xmlns="http://www.loc.gov/MARC21/slim"><record><leader>00409nam--2200133-i-4500</leader><controlfield tag="001">000026143</controlfield><controlfield tag="002">20161230</controlfield><controlfield tag="005">20170118010312</controlfield><controlfield tag="008">060222s1000------------r-----000-0-eng-d</controlfield><datafield ind1=" " ind2=" " tag="245"><subfield code="a">International series of monographs in pure and applied mathematics. Vol. 23. Abstract sets and finite ordinals</subfield></datafield><datafield ind1=" " ind2=" " tag="260"><subfield code="a">Oxford</subfield><subfield code="b">Pergamon Press</subfield><subfield code="c">1958</subfield></datafield><datafield ind1=" " ind2=" " tag="700"><subfield code="a">Keene, G. B</subfield></datafield><datafield ind1=" " ind2=" " tag="852"><subfield code="a">10184</subfield></datafield><datafield ind1=" " ind2=" " tag="CAT"><subfield code="a">SYS</subfield><subfield code="c">20170118</subfield><subfield code="h">010312</subfield></datafield></record></collection>